@book{gen:anderson2,
        author = "Anderson, J. D.",
        TITLE = "Hypersonic and High-Temperature Gas Dynamics",
        publisher = "McGraw-Hill",
        year = 1989
        }
@conference{nasa:1973:dunn,
        author = "Dunn, M. G. AND Kang, S. W.",
        TITLE = "Theroretical and Experimental Studies of Reentry Plasmas",
        booktitle = "NASA CR-2232",
        year = 1973,
        }
@article{pf:2007:boyd,
	Author = {Boyd,Iain D.},
	Date-Added = {2020-07-29 14:25:18 -0700},
	Date-Modified = {2020-07-29 14:25:31 -0700},
	Doi = {10.1063/1.2771662},
	Eprint = {https://doi.org/10.1063/1.2771662},
	Journal = {Physics of Fluids},
	Number = {9},
	Pages = {096102},
	Title = {Modeling of associative ionization reactions in hypersonic rarefied flows},
	Url = {https://doi.org/10.1063/1.2771662},
	Volume = {19},
	Year = {2007}
}
@book{book:1990:park,
        author = "Park, C.",
        title = "Nonequilibrium Hypersonic Aerothermodynamics",
        publisher = "Wiley, New-York",
        year = 1990
        }
@article{jap:2021:abdoulanziz,
        title={Low-energy electron impact dissociative recombination and vibrational transitions of N2+},
        author={Abdoulanziz, A and Argentin, C and Laporta, V and Chakrabarti, K and Bultel, Arnaud and Tennyson, J and Schneider, IF and Mezei, J Zs},
        journal={Journal of Applied Physics},
        volume={129},
        number={5},
        pages={053303},
        year={2021},
        publisher={AIP Publishing LLC}
        }
@article{ps:2005:tarasenko,
  title={High-power subnanosecond beams of runaway electrons generated in dense gases},
  author={Tarasenko, Victor F and Yakovlenko, Sergei I},
  journal={Physica scripta},
  volume={72},
  number={1},
  pages={41},
  year={2005},
  publisher={IOP Publishing}
}
@conference{chem:jachimowsky,
        author = "Jachimowsky, C. J.",
        TITLE = "An Analytical Study of the Hydrogen-Air Reaction
          Mechanism With Application To Scramjet Combustion",
        booktitle = "NASA TP-2791" ,
        year = 1988,
        }
@incollection{book:1987:mantsakanyan,
        author = "Mantsakanyan, A. Kh. AND Naidis, G. V.",
        TITLE = "Processes of Formation and Decay of Charged Particles in Nitrogen-Oxygen Plasmas",
        booktitle = "Khimiia Plazmy [Plasma Chemistry]",
        editor = "B. M. Smirnov",
        publisher = "Energoatomizdat",
        address = "Moscow, Russia",
        volume = 14,
        pages = "227--255",
        year = 1987
        }
@incollection{book:1987:krivonosova,
        author = "Krivonosova, O. E. AND Losev, S. A. AND Nalivayko, V. P. AND Mukoseev, Yu. K. AND Shatalov, O. P.",
        TITLE = "Khimia Plazmy, ed. by BM Smirnov",
        booktitle = "Khimiia Plazmy [Plasma Chemistry]",
        editor = "B. M. Smirnov",
        publisher = "Energoatomizdat",
        address = "Moscow, Russia",
        volume = 14,
        pages = "3",
        year = 1987
        }
@book{book:1982:bychkov,
        author = "Bychkov, Yu. I. AND Korolev, Yu. D. AND Mesyats, G. A.",
        title = "Inzhektsionnaia Gazovaia Elektronika",
	note = "(Injection Gaseous Electronics, in Russian)",
        publisher = "Nauka",
	address = "Novosibirsk, Russia",
        year = 1982
        }
@book{book:1991:raizer,
        author = "Raizer, Yu. P.",
        title = "Gas Discharge Physics",
        publisher = "Springer-Verlag",
	address = "Berlin, Germany",
        year = 1991
        }
@article{misc:1978:son,
        author = "Son, E. E.",
        TITLE = "Effect of Vibrational Temperature on the Rate of Electronic Excitation of Diatomic Molecules",
        journal = "High Temperature",
        volume = 16,
        number = 6,
        pages = "1162--1166",
        year = 1978
        }
@article{misc:1978:aleksandrov,
        author = "Aleksandrov, N. L. AND Konchakov, A. M. AND Son, E. E.",
        TITLE = "Electron Distribution Function and Kinetic Coefficients of a Nitrogen Plasma -- I. Unexcited Molecules. II. Vibrationally Excited Molecules",
        journal = "Soviet Journal of Plasma Physics",
        volume = 4,
        number = 1,
        pages = "98--102, 663--666",
        year = 1978
        }
@article{misc:1983:gallagher,
        author = "Gallagher, J. W. AND Beaty, E. C. AND Dutton, J. AND Pitchford, L. C.",
        TITLE = "An Annotated Compilation and Appraisal of Swarm Data  in Electronegative Cases",
        journal = "Journal of Physical and Chemical Reference Data",
        volume = 12,
        number = 1,
        pages = "109--152",
        year = 1983
        }
@article{misc:1975:dutton,
        author = "Dutton, J.",
        TITLE = "A Survey of Electron Swarm Data",
        journal = "Journal of Physical and Chemical Reference Data",
        volume = 4,
        number = 3,
        pages = "577--856",
        year = 1975
        }
@book{book:1997:grigoriev,
        author = "Grigoriev, I. S. AND Meilikhov, E. Z.",
        title = "Handbook of Physical Quantities",
        publisher = "CRC",
	address = "Boca Raton, Florida",
        year = 1997
        }
@article{misc:2002:macheret,
        author = "Macheret, S. O. AND Shneider, M. N. AND Miles, R. B.",
        TITLE = "Modeling of Air Plasma Generation by Repetitive High-Voltage Nanosecond Pulses",
        journal = "IEEE Transactions on Plasma Science",
        volume = 30,
        number = 3,
        pages = "1301--1314",
        year = 2002
        }
@article{misc:1992:kossyi,
        author = "Kossyi, A. AND Kostinsky, A. Y. AND Matveyev, A. A. AND Silakov, V. P.",
        TITLE = "Kinetic Scheme of the Non-Equilibrium Discharge in Nitrogen-Oxygen Mixtures",
        journal = "Plasma Sources Science and Technology",
        volume = 1,
        pages = "207--220",
        year = 1992
        }
@article{misc:1997:aleksandrov,
        author = "Aleksandrov, N. L. AND Bazelyan, E. M. AND Kochetov, I. V. AND Dyatko, N. A.",
        TITLE = "The Ionization Kinetics and Electric Field in the Leader Channel in Long Air Gaps",
        journal = "Journal of Physics D Applied Physics",
        volume = 30,
        pages = "1616--1624",
        year = 1997
        }
@book{book:1997:bazelyan,
        author = "Bazelyan, E. M. AND Raizer, Y. P.",
        title = "Spark Discharge",
        publisher = "CRC",
        year = 1997,
        address = "Boca Raton, Florida"
        }
@incollection{misc:1991:matzing,
        author = "Matzing, H.",
        editor = "Prigogine, I. AND Rice, S. A.",
        title = "Chemical Kinetics of Flue Gas Cleaning by Irradiation with Electrons",
        booktitle = "Advances in Chemical Physics",
        volume = 80,
        chapter = 4,
        year = 1991,
        pages = "315--402",
        publisher = "John Wiley and Sons, Inc.",
        address = "New York, NY"
        }
@conference{aiaaconf:1987:Bussing,
        author = "Bussing, T. AND Eberhardt, S.",
        title = "Chemistry Associated with Hypersonic Vehicles",
        note = "AIAA Paper 87-1292",
	month = jun,
        year = 1987
        }
@conference{aiaaconf:1999:laux,
        author = "Laux, C. O. AND Yu, L. AND Packan, D. M. AND Gessman, R. J. AND Pierrot, L. AND Kruger, C. H. AND Zare, R. N.",
        title = "Ionization Mechanisms in Two-Temperature Air Plasmas",
        note = "AIAA Paper 99-3476, presented at the 30th Plasmadynamics and Lasers Conference",
	month = jun,
        year = 1999
        }
@book{book:1989:anderson,
        author = "Anderson, J. D.",
        title = "Hypersonic and High-Temperature Gas Dynamics",
        publisher = "McGraw-Hill",
        year = 1989
        }
@article{misc:2000:bourdon,
        author = "Bourdon, A. AND Vervisch, P.",
        TITLE = "Analytical Models for Electron-Vibration Coupling in Nitrogen Plasma Flows",
        journal = "Journal of Thermophysics and Heat Transfer",
        volume = 14,
        number = 4,
        pages = "489--495",
        year = 2000
        }
@article{jcp:2014:parent,
        author = "Parent, B. AND Macheret, S. O. AND Shneider, M. N. ",
        TITLE = "Electron and Ion Transport Equations in Computational Weakly-Ionized Plasmadynamics",
        journal = "Journal of Computational Physics",
		  year = 2014,
        volume = 259,
        pages = "51--69"
        }

@article{jpc:2006:mendez,
        author = "Mendez, I. AND Gordillo-Vazquez, F. J. AND Herrero, V. J. AND Tanarro, I.  ",
        TITLE = "Atom and Ion Chemistry in Low Pressure Hydrogen DC Plasmas",
        journal = "Journal of Physical Chemistry A",
    year = 2006,
        volume = 110,
        pages = "6060--6066"
        }
@article{jpp:2007:parent,
        author = "Parent, B. AND Macheret, S. AND Shneider, M. AND Harada, N. ",
        TITLE = "Numerical Study of an Electron-Beam-Confined Faraday Accelerator",
        journal = "Journal of Propulsion and Power",
	    year = 2007,
	    publisher = "American Institute of Aeronautics and Astronautics ({AIAA})",
	    volume = 23,
	    number = 5,
	    pages = "1023--1032",
        }
@article{psst:2005:hagelaar,
        author = "Hagelaar, G. and Pitchford, L.",
        TITLE = "Solving the Boltzmann equation to obtain electron transport coefficients and rate coefficients for fluid models",
        journal = "Plasma Sources Science and Technology",
	    year = 2005,
        volume = 14,
        pages = "722"
        }
@article{pcpp:1992:morgan,
        author = {{Morgan W. L.}},
        TITLE = "A critical evaluation of low-energy electron impact cross sections for plasma processing modeling",
        journal = "Plasma chemistry and plasma processing",
        year = 1992,
        volume = 12,
        number = 4,
        pages = "477"
        }
@article{jap:1996:yousfi,
        title={Boltzmann equation analysis of electron-molecule collision cross sections in water vapor and ammonia},
        author={Yousfi, M and Benabdessadok, MD},
        journal={Journal of Applied Physics},
        volume={80},
        number={12},
        pages={6619--6630},
        year={1996},
        publisher={American Institute of Physics}
        }
@book{book:2013:mark,
      title={Electron impact ionization},
      author={M{\"a}rk, Tilmann D and Dunn, Gordon H},
      year={2013},
      publisher={Springer Science \& Business Media},
      chapter = 5,
      pages="144",
      }
@article{psst:1995:dollet,
        title={Analysis and numerical modelling of silicon nitride deposition in a plasma-enhanced chemical vapour deposition reactor. I. Bidimensional modelling},
        author={Dollet, A and Couderc, JP and Despax, B},
        journal={Plasma Sources Science and Technology},
        volume={4},
        number={1},
        pages={94},
        year={1995},
        publisher={IOP Publishing}
        }
@article{pop:2012:li,
        title={Numerical model of an Ar/NH3 atmospheric pressure direct current discharge in parallel plate geometry},
        author={Li, Zhi and Zhao, Zhen and Li, Xuehui},
        journal={Physics of Plasmas},
        volume={19},
        number={3},
        year={2012},
        publisher={AIP Publishing}
        }
@article{jpc:2015:truscott,
        title={Microwave plasma-activated chemical vapor deposition of nitrogen-doped diamond. I. N2/H2 and NH3/H2 plasmas},
        author={Truscott, Benjamin S and Kelly, Mark W and Potter, Katie J and Johnson, Mack and Ashfold, Michael NR and Mankelevich, Yuri A},
        journal={The Journal of Physical Chemistry A},
        volume={119},
        number={52},
        pages={12962--12976},
        year={2015},
        publisher={ACS Publications}
        }
@article{jpap:2007:arakoni,
        title={H2 generation in Ar/NH3 microdischarges},
        author={Arakoni, Ramesh A and Bhoj, Ananth N and Kushner, Mark J},
        journal={Journal of Physics D: Applied Physics},
        volume={40},
        number={8},
        pages={2476},
        year={2007},
        publisher={IOP Publishing}
        }
@article{sst:2008:bavafa,
        title={Comprehensive simulation of the effects of process conditions on plasma enhanced chemical vapor deposition of silicon nitride},
        author={Bavafa, M and Ilati, H and Rashidian, B},
        journal={Semiconductor science and technology},
        volume={23},
        number={9},
        pages={095023},
        year={2008},
        publisher={IOP Publishing}
        }
        
@article{jpp:2012:li,
        title={Numerical model of an Ar/NH3 atmospheric pressure direct current discharge in parallel plate geometry},
        author={Li, Zhi and Zhao, Zhen and Li, Xuehui},
        journal={Physics of Plasmas},
        volume={19},
        number={3},
        year={2012},
        publisher={AIP Publishing}
        }
        
@article{book:2003:janev,
        title={Collision processes in low-temperature hydrogen plasmas},
        author={Janev, Ratko K and Reiter, Detlev and Samm, Ulrich},
        year={2003},
        journal = "FJZ",
        publisher={Forschungszentrum J{\"u}lich, Zentralbibliothek}
        }
        
@article{jms:2008:rawat,
        title = {Absolute cross sections for dissociative electron attachment to NH3 and CH4},
        journal = {International Journal of Mass Spectrometry},
        volume = {277},
        number = {1},
        pages = {96-102},
        year = {2008},
        note = {Electron-induced atomic and molecular processes: A special issue honoring Eugen Illenberger on his 65th birthday},
        issn = {1387-3806},
        author = {Prashant Rawat and Vaibhav S. Prabhudesai and M.A. Rahman and N. Bhargava Ram and E. Krishnakumar},
        }

@article{psst:2023:chen,
        year = {2023},
        month = {may},
        publisher = {IOP Publishing},
        volume = {32},
        number = {4},
        pages = {045017},
        author = {Yingqi Chen and Xianwu Jiang and Lufeng Yao and Wei Jiang and Hainan Liu and Ya Zhang},
        title = {Electron scattering cross sections from NH3: a comprehensive study based on R-matrix method},
        journal = {Plasma Sources Science and Technology},
        }
        
@article{psst:2023:snoeckx,
        year = {2023},
        month = {nov},
        publisher = {IOP Publishing},
        volume = {32},
        number = {11},
        pages = {115020},
        author = {Ramses Snoeckx and Jonathan Tennyson and Min Suk Cha},
        title = {Theoretical cross sections for electron collisions relevant for ammonia discharges part 1: $\rm NH_3$, $\rm NH_2$, and $\rm NH$},
        journal = {Plasma Sources Science and Technology},
        }        
@article{lxc:2024:morgan,
        author = "Morgan, W. L.",
        TITLE = "Morgan Kinema and Research database",
        journal = "LXCat: An Open-Access, Web-Based Platform for Data Needed for Modeling Low Temperature Plasmas. Plasma Process",
        }
        
@article{ef:2017:zettervall,
  title={Small skeletal kinetic reaction mechanism for ethylene--air combustion},
  author={Zettervall, Niklas and Fureby, Christer and Nilsson, Elna JK},
  journal={Energy \& Fuels},
  volume={31},
  number={12},
  pages={14138--14149},
  year={2017},
  publisher={ACS Publications}
}

@article{tue:2006:helden,
  title = {The generation of molecules through plasma-surface interactions},
  author = {Helden van, J.H.},
  journal={Doctoral Thesis},
  year={2006},
  publisher={Technische Universiteit Eindhoven},
}

@article{cf:2001:konnov,
  title={Kinetic modeling of the decomposition and flames of hydrazine},
  author={Konnov, AA and De Ruyck, Jacques},
  journal={Combustion and flame},
  volume={124},
  number={1-2},
  pages={106--126},
  year={2001},
  publisher={Elsevier}
}

@article{cst:2000:konnov,
  title={Kinetic modeling of the thermal decomposition of ammonia},
  author={Konnov, AA and Ruyck, J De},
  journal={Combustion science and technology},
  volume={152},
  number={1},
  pages={23--37},
  year={2000},
  publisher={Taylor \& Francis}
}

@article{jof:2007:arakoni,
  title={$\rm H_2$ generation in Ar/$\rm NH_3$ microdischarges},
  author={Arakoni, Ramesh A and Bhoj, Ananth N and Kushner, Mark J},
  journal={Journal of Physics D: Applied Physics},
  volume={40},
  number={8},
  pages={2476},
  year={2007},
  publisher={IOP Publishing}
}

@article{jms:1997tarnovsky,
  title={Cross-sections for the electron impact ionization of NDx (x=1-3)},
  author={Tarnovsky, V and Deutsch, H and Becker, K},
  journal={International journal of mass spectrometry and ion processes},
  volume={167},
  pages={69--78},
  year={1997},
  publisher={Elsevier}
}

@article{pr:1962:smith,
  title={Electron impact ionization of atomic nitrogen},
  author={Smith, ACH and Caplinger, E and Neynaber, RH and Rothe, Erhard W and Trujillo, SM},
  journal={Physical Review},
  volume={127},
  number={5},
  pages={1647},
  year={1962},
  publisher={APS}
}

@article{springer:2012:janev,
  title={Elementary processes in hydrogen-helium plasmas: cross sections and reaction rate coefficients},
  author={Janev, Ratko K and Langer, William D and Douglass Jr, E and others},
  year={2012},
  publisher={Springer Science \& Business Media}
}

@inproceedings{springer:1987:hayashi,
  title={Electron collision cross-sections for molecules determined from beam and swarm data},
  author={Hayashi, Makoto},
  booktitle={Swarm Studies and Inelastic Electron-Molecule Collisions: Proceedings of the Meeting of the Fourth International Swarm Seminar and the Inelastic Electron-Molecule Collisions Symposium, July 19--23, 1985, Tahoe City, California, USA},
  pages={167--187},
  year={1987},
  organization={Springer}
}

@article{jcp:1965:corrigan,
  title={Dissociation of molecular hydrogen by electron impact},
  author={Corrigan, SJB},
  journal={The Journal of Chemical Physics},
  volume={43},
  number={12},
  pages={4381--4386},
  year={1965},
  publisher={American Institute of Physics}
}

@article{jap:1983:chan,
  title={Model of positive ion sources for neutral beam injection},
  author={Chan, Chun Fai and Burrell, CF and Cooper, William S},
  journal={Journal of applied physics},
  volume={54},
  number={11},
  pages={6119--6137},
  year={1983},
  publisher={American Institute of Physics}
}

@article{jpc:1986:itikawa,
  title={Cross sections for collisions of electrons and photons with nitrogen molecules},
  author={Itikawa, Yukikazu and Hayashi, M and Ichimura, A and Onda, K and Sakimoto, K and Takayanagi, K and Nakamura, M and Nishimura, H and Takayanagi, T},
  journal={Journal of physical and chemical reference data},
  volume={15},
  number={3},
  pages={985--1010},
  year={1986},
  publisher={American Institute of Physics for the National Institute of Standards and~…}
}

@article{pr:1985;:phelps,
  title={Anisotropic scattering of electrons by N 2 and its effect on electron transport},
  author={Phelps, AV and Pitchford, LC},
  journal={Physical Review A},
  volume={31},
  number={5},
  pages={2932},
  year={1985},
  publisher={APS}
}

@book{springer:2023:bacal,
  title={Physics and Applications of Hydrogen Negative Ion Sources},
  author={Bacal, Marthe},
  volume={124},
  year={2023},
  publisher={Springer Nature}
}

@article{aip:2001:xu,
  title={Dissociative electron attachment rates for H2 and its isotopes},
  author={Xu, Y and Fabrikant, II},
  journal={Applied Physics Letters},
  volume={78},
  number={17},
  pages={2598--2600},
  year={2001},
  publisher={American Institute of Physics}
}

@article{anu:2018:santoso,
  title={Production of negative hydrogen ions in a high-powered helicon plasma source},
  author={Santoso, Jesse Soewito and others},
  year={2018},
  publisher={The Australian National University}
}

@article{pr:2004:horavcek,
  title={Dissociative electron attachment and vibrational excitation of H 2 by low-energy electrons: Calculations based on an improved nonlocal resonance model},
  author={Hor{\'a}{\v{c}}ek, J and {\v{C}}{\'\i}{\v{z}}ek, M and Houfek, Karel and Koloren{\v{c}}, P and Domcke, Wolfgang},
  journal={Physical Review A},
  volume={70},
  number={5},
  pages={052712},
  year={2004},
  publisher={APS}
}

@inproceedings{nasa:2006:bieniek,
  title={Isotope effects in collisional VT relaxation of molecular hydrogen},
  author={Bieniek, Ronald James},
  booktitle={Proceedings of the NASA Laboratory Astrophysics Workshop},
  year={2006}
}

@article{pf:2024:parent,
  title={Progress in electron energy modeling for plasma flows and discharges},
  author={Parent, Bernard and Rodriguez Fuentes, Felipe Martin},
  journal={Physics of Fluids},
  volume={36},
  number={8},
  year={2024},
  publisher={AIP Publishing}
}

@article{ppcf:2018:perillo,
  title={Studying the influence of nitrogen seeding in a detached-like hydrogen plasma by means of numerical simulations},
  author={Perillo, R and Chandra, R and Akkermans, GRA and Vijvers, WAJ and Graef, WAAD and Classen, IGJ and Van Dijk, J and de Baar, MR},
  journal={Plasma Physics and Controlled Fusion},
  volume={60},
  number={10},
  pages={105004},
  year={2018},
  publisher={IOP Publishing}
}



@article{ieee:2003:kannari,
  title={Theoretical simulation of electron-beam-excited xenon-chloride (XeCl) lasers},
  author={Kannari, Fumihiko and Suda, Akira and Obara, Minoru and Fujioka, Tomoo},
  journal={IEEE journal of quantum electronics},
  volume={19},
  number={10},
  pages={1587--1600},
  year={2003},
  publisher={IEEE}
}

@article{ijae:2011:katsonis,
  title={Argon 4s and 4p Excited States Atomic Data Applied in ARC-JET Modeling},
  author={Katsonis, K and Berenguer, Ch and Kaminska, A and Dudeck, M},
  journal={International Journal of Aerospace Engineering},
  volume={2011},
  number={1},
  pages={896836},
  year={2011},
  publisher={Wiley Online Library}
}

@article{jap:1993:lymberopoulos,
  title={Fluid simulations of glow discharges: Effect of metastable atoms in argon},
  author={Lymberopoulos, Dimitris P and Economou, Demetre J},
  journal={Journal of applied physics},
  volume={73},
  number={8},
  pages={3668--3679},
  year={1993},
  publisher={American Institute of Physics}
}


@article{pr:tachibana:1986,
  title={Excitation of the 1s5, 1s4, 1s3, and 1s2 levels of argon by low-energy electrons},
  author={Tachibana, K},
  journal={Physical Review A},
  volume={34},
  number={2},
  pages={1007},
  year={1986},
  publisher={APS}
}


@article{jcp:1965:rapp,
  title={Total cross sections for ionization and attachment in gases by electron impact. I. Positive ionization},
  author={Rapp, Donald and Englander-Golden, Paula},
  journal={The Journal of Chemical Physics},
  volume={43},
  number={5},
  pages={1464--1479},
  year={1965},
  publisher={American Institute of Physics}
}

@article{pr:hyman:1979,
  title={Electron-impact ionization cross sections for excited states of the rare gases (Ne, Ar, Kr, Xe), cadmium, and mercury},
  author={Hyman, HA},
  journal={Physical Review A},
  volume={20},
  number={3},
  pages={855},
  year={1979},
  publisher={APS}
}


@article{ajp:1977:milloy,
  title={The ratio of the lateral diffusion coefficient to mobility for electrons in argon at 294 K},
  author={Milloy, HB and Crompton, RW},
  journal={Australian Journal of Physics},
  volume={30},
  number={1},
  pages={51--60},
  year={1977},
  publisher={CSIRO Publishing}
}

@article{pr:1995:boeuf,
  title={Two-dimensional model of a capacitively coupled rf discharge and comparisons with experiments in the Gaseous Electronics Conference reference reactor},
  author={Boeuf, JP and Pitchford, LC},
  journal={Physical Review E},
  volume={51},
  number={2},
  pages={1376},
  year={1995},
  publisher={APS}
}

@article{pr:1961:pack,
  title={Drift velocities of slow electrons in helium, neon, argon, hydrogen, and nitrogen},
  author={Pack, JL and Phelps, AV},
  journal={Physical Review},
  volume={121},
  number={3},
  pages={798},
  year={1961},
  publisher={APS}
}

@phdthesis{purdue:1951:errett,
  title={The Motion of Slow Electrons in Gases},
  author={Errett, Daryl Dale},
  year={1951},
  school={Purdue University}
}

@article{jop:1981:kucukarpaci,
  title={Electron swarm parameters in argon and krypton},
  author={Kucukarpaci, HN and Lucas, J},
  journal={Journal of Physics D: Applied Physics},
  volume={14},
  number={11},
  pages={2001},
  year={1981},
  publisher={IOP Publishing}
}

@article{pr:1998:piech,
  title={Measurement of cross sections for electron excitation out of the metastable levels of argon},
  author={Piech, Garrett A and Boffard, John B and Gehrke, Mark F and Anderson, LW and Lin, Chun C},
  journal={Physical review letters},
  volume={81},
  number={2},
  pages={309},
  year={1998},
  publisher={APS}
}

@article{pop:2012:adams,
  title={Metastable atom and electron density diagnostic in the initial stage of a pulsed discharge in Ar and other rare gases by emission spectroscopy},
  author={Adams, SF and Bogdanov, EA and Demidov, VI and Koepke, ME and Kudryavtsev, AA and Williamson, JM},
  journal={Physics of Plasmas},
  volume={19},
  number={2},
  year={2012},
  publisher={AIP Publishing}
}

@article{pr:2014:zatsarinny,
  title={Electron-impact excitation of argon at intermediate energies},
  author={Zatsarinny, Oleg and Wang, Yang and Bartschat, Klaus},
  journal={Physical Review A},
  volume={89},
  number={2},
  pages={022706},
  year={2014},
  publisher={APS}
}
