@article{jcp:2014:parent,
        author = "Parent, B. AND Macheret, S. O. AND Shneider, M. N. ",
        TITLE = "Electron and Ion Transport Equations in Computational Weakly-Ionized Plasmadynamics",
        journal = "Journal of Computational Physics",
		  year = 2014,
        volume = 259,
        pages = "51--69"
        }
@book{book:2004:lieberman,
  title={Principles of plasma discharges and materials processing},
  author={Lieberman, Michael A and Lichtenberg, Allan J},
  edition={2},
        address = "Hoboken, New Jersey",
  publisher = "John Wiley and Sons",
  year={2004}
}
@article{ps:2005:tarasenko,
  title={High-power subnanosecond beams of runaway electrons generated in dense gases},
  author={Tarasenko, Victor F and Yakovlenko, Sergei I},
  journal={Physica scripta},
  volume={72},
  number={1},
  pages={41},
  year={2005},
  publisher={IOP Publishing}
}
@article{misc:1995:boeuf,
        author = "Boeuf, J. P. AND Pitchford, L. C.",
        TITLE = "Two-Dimensional Model of a Capacitively Coupled RF Discharge and Comparisons with Experiments in the Gaseous Electronics Conference Reference Reactor",
        journal = "Physical Review E",
        volume = 51,
        number = 2,
        pages = "1376--1390",
        year = 1995
        }
@book{book:1997:grigoriev,
        author = "Grigoriev, I. S. AND Meilikhov, E. Z.",
        title = "Handbook of Physical Quantities",
        publisher = "CRC",
	address = "Boca Raton, Florida",
        year = 1997
        }
@book{book:1984:chen,
        author = "Francis F. Chen",
        title = "Introduction to Plasma Physics and Controlled Fusion Volume 1: Plasma Physics",
        publisher = "Plenum Press",
	address = "New York, NY",
        year = 1984
        }
@book{gen:anderson2,
        author = "Anderson, J. D.",
        TITLE = "Hypersonic and High-Temperature Gas Dynamics",
        publisher = "McGraw-Hill",
        year = 1989
        }
@conference{gen:McBride2,
        author = "McBride, B. J. and Reno, M. A.",
        TITLE = "Coefficients for Calculating Thermodynamic and
                    Transport Properties of Individual Species",
        booktitle = "NASA TM-4513" ,
        year = 1993,
        }
@misc{cfd:dudebout,
        author = "Dudebout, R.",
        TITLE = "Numerical Simulation of Hypersonic Shock-Induced
            Combustion Ramjet Flowfields",
        note = "Ph.D. Thesis, University of Toronto",
        year = 1995
        }
@article{gen:mason-saxena,
        author = "Mason, E. A. and Saxena, S. C.",
        journal = "Journal of Chemical Physics",
        year = 1959,
        volume = 31,
        pages = "511"
        }
@article{jnet:1996:ramshaw,
        author = "Ramshaw, J. D. AND Chang, C. H.",
        title = "Friction-weighted self-consistent effective binary diffusion approximation",
        journal = "Journal of Non-Equilibrium Thermodynamics",
        year = 1996,
        volume = 21,
        pages = "223--232"
        }
@book{gen:dixon-lewis,
        author = "Dixon-Lewis, G.",
        TITLE = "Computer Modelling of Combustor Reactions",
        publisher = "Springer Verlag",
        year = 1984
        }
@techreport{nrl:2002:huba,
        author = "Huba, J.D.",
        TITLE = "NRL Plasma Formulary",
        institution = "NRL",
        year = 2002
        }
@techreport{nasa:2002:mcbride,
        author = "McBride, B. J. and Zehe, M. J. AND Gordon, S.",
        TITLE = "NASA Glenn Coefficients for Calculating Thermodynamic Properties of Individual
	         Species",
        institution = "NASA",
        type = "TP",
        year = 2002,
        month = sep,
        number = 211556
        }
@techreport{nasa:1990:gupta,
        author = "Gupta, R. N. AND Yos, J. M. AND Thompson, R. A. AND Lui, K. P.",
        TITLE = "A Review of Reaction
Rates and Thermodynamic and Transport Properties for an 11-Species Air Model for Chemical and Thermal Nonequilibrium
Calculations to 30 000 K",
        institution = "NASA",
        type = "Reference Pulication",
        year = 1990,
        number = 1232
        }
@techreport{nrl:2013:Huba,
        author = "Huba, J. D.",
        TITLE = "2013 NRL Plasma Formulary",
        institution = "Naval Research Laboratory",
        type = "Reference Pulication",
        year = 2013
        }
@article{pces:1981:oran,
        author = "Oran, E. S. AND Boris, J. P.",
        TITLE = "Detailed Modeling of Combustion Systems",
        journal = "Progress in Energy and Combustion Sciences",
        volume = 7,
        pages = "1--72",
        year = 1981
        }
@article{misc:1981:aleksandrov,
        author = "Aleksandrov, N. L. AND Vysikailo, F. I. AND Islamov, R. S. AND Kochetov, I. V. AND Napartovich, A. P. AND Pevgov, V. G.",
        TITLE = "Electron Distribution Function in 4:1 N2-O2 Mixture",
        journal = "High Temperature",
        volume = 19,
        number = 1,
        pages = "17--21",
        year = 1981
        }
@article{misc:1968:sinnott,
        author = "Sinnott, G. AND Golden, D. E. AND Varney, R. N.",
        TITLE = "Positive-Ion Mobilities in Dry Air",
        journal = "Physical Review",
        volume = 170,
        number = 1,
        pages = "272--275",
        year = 1968
        }
@article{misc:1983:gosho,
        author = "Gosho, Y. AND Harada, A.",
        TITLE = "A New Technique for Measuring Negative Ion Mobilities at Atmospheric Pressure",
        journal = "Journal of Physics D",
        volume = 16,
        pages = "1159--1166",
        year = 1983
        }
@book{book:1991:raizer,
        author = "Raizer, Yu. P.",
        title = "Gas Discharge Physics",
        publisher = "Springer-Verlag",
	address = "Berlin, Germany",
        year = 1991
        }
@article{tepjd:2000:capitelli,
	doi = {10.1007/s100530070094},
	year = 2000,
	month = {jul},
	publisher = {Springer Science and Business Media {LLC}},
	volume = {11},
	number = {2},
	pages = {279--289},
	author = {M. Capitelli and G. Colonna and C. Gorse and A. D{\textquotesingle}Angola},
	title = {Transport properties of high temperature air in local thermodynamic equilibrium},
	journal = {The European Physical Journal D}
}
@article{pof:1967:devoto,
	doi = {10.1063/1.1762005},
	year = 1967,
	publisher = {{AIP} Publishing},
	volume = {10},
	number = {10},
	pages = {2105},
	author = {R. S. Devoto},
	title = {Simplified Expressions for the Transport Properties of Ionized Monatomic Gases},
	journal = {Physics of Fluids}
}
@article{tepjd:2009:laricchiuta,
	doi = {10.1140/epjd/e2009-00192-7},
	year = 2009,
	month = {jun},
	publisher = {Springer Science and Business Media {LLC}},
	volume = {54},
	number = {3},
	pages = {607--612},
	author = {A. Laricchiuta and D. Bruno and M. Capitelli and C. Catalfamo and R. Celiberto and G. Colonna and P. Diomede and D. Giordano and C. Gorse and S. Longo and D. Pagano and F. Pirani},
	title = {High temperature Mars atmosphere. Part I: transport cross sections},
	journal = {The European Physical Journal D}
}
@article{tepjd:2007:dAngola,
	doi = {10.1140/epjd/e2007-00305-4},
	year = 2007,
	month = {nov},
	publisher = {Springer Science and Business Media {LLC}},
	volume = {46},
	number = {1},
	pages = {129--150},
	author = {A. D{\textquotesingle}Angola and G. Colonna and C. Gorse and M. Capitelli},
	title = {Thermodynamic and transport properties in equilibrium air plasmas in a wide pressure and temperature range},
	journal = {The European Physical Journal D}
}
@article{pof:1967:mason,
	doi = {10.1063/1.1762365},
	year = 1967,
	publisher = {{AIP} Publishing},
	volume = {10},
	number = {8},
	pages = {1827},
	author = {E. A. Mason},
	title = {Transport Coefficients of Ionized Gases},
	journal = {Physics of Fluids}
}
@article{pof:1971:hahn,
	doi = {10.1063/1.1693425},
	url = {https://doi.org/10.1063%2F1.1693425},
	year = 1971,
	publisher = {{AIP} Publishing},
	volume = {14},
	number = {2},
	pages = {278},
	author = {H. Hahn},
	title = {Quantum Transport Cross Sections for Ionized Gases},
	journal = {Physics of Fluids}
}

@book{book:1964:hirschfelder,
	address = {New York},
	title = {Molecular theory of gases and liquids},
	language = {eng},
	publisher = {Wiley},
	author = {Hirschfelder, Joseph O. and Curtiss, Charles F. and Bird, Robert Byron},
	year = {1964},
}

@article{jcp:2012:morgan,
  title={The LXCat project: Electron scattering cross sections and swarm parameters for low temperature plasma modeling},
  author={Pancheshnyi, Sergey and Biagi, S and Bordage, Marie-Claude and Hagelaar, GJM and Morgan, WL and Phelps, AV and Pitchford, Leanne C},
  journal={Chemical Physics},
  volume={398},
  pages={148--153},
  year={2012},
  publisher={Elsevier}
}

@article{ajp:1973:crompton,
  title={The drift velocity of electrons in oxygen at 293 K},
  author={Crompton, RW and Elford, MT},
  journal={Australian Journal of Physics},
  volume={26},
  number={6},
  pages={771--782},
  year={1973},
  publisher={CSIRO Publishing}
}

@article{jopd:2005:lisovskiy,
  title={Electron drift velocity in NH3 in strong electric fields determined from rf breakdown curves},
  author={Lisovskiy, Valeriy and Martins, Sofia and Landry, Karine and Douai, David and Booth, Jean-Paul and Cassagne, Valerick},
  journal={Journal of Physics D: Applied Physics},
  volume={38},
  number={6},
  pages={872},
  year={2005},
  publisher={IOP Publishing}
}

@article{aip:1975:dutton,
  title={A survey of electron swarm data},
  author={Dutton, J},
  journal={Journal of Physical and Chemical Reference Data},
  volume={4},
  number={3},
  pages={577--856},
  year={1975},
  publisher={American Institute of Physics}
}

@article{jcs:1972:parkes,
  title={Electron attachment and detachment in nitric oxide},
  author={Parkes, DA and Sugden, TM},
  journal={Journal of the Chemical Society, Faraday Transactions 2: Molecular and Chemical Physics},
  volume={68},
  pages={600--614},
  year={1972},
  publisher={Royal Society of Chemistry}
}

@article{jos:1934:bailey,
  title={XCVIII. The behaviour of electrons in nitric oxide},
  author={Bailey, VA and Somerville, JM},
  journal={The London, Edinburgh, and Dublin Philosophical Magazine and Journal of Science},
  volume={17},
  number={116},
  pages={1169--1176},
  year={1934},
  publisher={Taylor \& Francis}
}

@article{jop:2011:takatou,
  title={Drift velocity and longitudinal diffusion coefficient of electrons in pure ethene},
  author={Takatou, Junpei and Sato, Hiroshi and Nakamura, Yoshiharu},
  journal={Journal of Physics D: Applied Physics},
  volume={44},
  number={31},
  pages={315201},
  year={2011},
  publisher={IOP Publishing}
}

@article{psst:2020:pinhao,
  title={Electron swarm parameters in $\rm C_2H_2$, $\rm C_2H_4$ and $\rm C_2H_6$: measurements and kinetic calculations},
  author={Pinh{\~a}o, NR and Loffhagen, D and Vass, M and Hartmann, P and Korolov, I and Dujko, S and Bo{\v{s}}njakovi{\'c}, D and Donk{\'o}, Z},
  journal={Plasma Sources Science and Technology},
  volume={29},
  number={4},
  pages={045009},
  year={2020},
  publisher={IOP Publishing}
}

@article{jop:2007:hasegawa,
  title={Electron swarm parameters in water vapour},
  author={Hasegawa, H and Date, H and Shimozuma, M},
  journal={Journal of Physics D: Applied Physics},
  volume={40},
  number={8},
  pages={2495},
  year={2007},
  publisher={IOP Publishing}
}

@article{pra:1988:ness,
  title={Transport properties of electrons in water vapor},
  author={Ness, KF and Robson, RE},
  journal={Physical Review A},
  volume={38},
  number={3},
  pages={1446},
  year={1988},
  publisher={APS}
}

@article{ajp:1990:cheung,
  title={The drift velocity of electrons in water vapour at low values of $E/N$},
  author={Cheung, B and Elford, MT},
  journal={Australian Journal of Physics, vol. 43, p. 755},
  volume={43},
  pages={755},
  year={1990}
}

@inproceedings{phig:1987:yousfi,
  title={Calculation of Transport Coefficients in Humid Air},
  author={Gallimberti, I and Yousfi, M and Stangherlin, S and Azzi, N and S{\'e}gur, P},
  booktitle={Phenomena in Ionized Gases, XVIII International Conference},
  pages={6},
  year={1987}
}
