@article{jcp:1974:vanleer,
        author = "Van Leer, B.",
        TITLE = "Towards the Ultimate Conservation Scheme II. Monotonicity and Conservation Combined in a Second-Order Scheme",
        journal = "Journal of Computational Physics",
		  year = 1974,
        volume = 14,
        pages = "361--370"
        }
@article{jcp:1981:steger,
        author = "Steger, J. L. AND Warming, R. F.",
        TITLE = "Flux Vector Splitting of the Inviscid Gasdynamics Equations with Application to Finite Difference Methods",
        journal = "Journal of Computational Physics",
        volume = 40,
        pages = "263--293",
        year = 1981
        }
@article{aiaa:1986:anderson,
        author = "Anderson, W. K. AND Thomas, J. L. AND Van Leer, B.",
        TITLE = "Comparison of Finite Volume Flux Vector Splittings for the Euler Equations",
        journal = "AIAA Journal",
		year = 1986,
        volume = 24,
        pages = "1453--1460"
        }
@article{sjna:1984:sweby,
        author = "Sweby, P.K.",
        TITLE = "High Resolution Schemes Using Flux Limiters for Hyperbolic Conservation Laws",
        journal = "SIAM Journal of Numerical Analysis",
		year = 1984,
        volume = 21,
		number = 5,
        pages = "995--1011"
        }
@article{jcp:1981:roe,
        author = "Roe, P. L.",
        TITLE = "Approximate Riemann Solvers, Parameter Vectors,
                 and Difference Schemes",
        journal = "Journal of Computational Physics",
        volume = 43,
        pages = "357--372",
        year = 1981
        }
@article{arfm:1986:roe,
        author = "Roe, P.L.",
        TITLE = "Characteristic-Based Schemes for the Euler Equations",
        journal = "Annual Review of Fluid Mechanics",
		year = 1986,
        volume = 18,
        pages = "337--365"
        }
@article{jcp:1987:harten,
        author = "Harten, A. AND Engquist, B. AND Osher, S. AND Chakravarthy, S. R.",
        TITLE = "Uniformly High Order Accurate Essentially Non-oscillatory Schemes, III",
        journal = "Journal of Computational Physics",
        volume = 71,
        pages = "231--303",
        year = 1987
        }
@article{jcp:1994:liu,
        author = "Liu, X.-D. AND Osher, S. AND Chan, T.",
        TITLE = "Weighted Essentially Non-Oscillatory Schemes",
        journal = "Journal of Computational Physics",
        volume = 115,
        pages = "200--212",
        year = 1994
        }
@article{ef:2017:zettervall,
  title={Small skeletal kinetic reaction mechanism for ethylene--air combustion},
  author={Zettervall, Niklas and Fureby, Christer and Nilsson, Elna JK},
  journal={Energy and Fuels},
  volume={31},
  number={12},
  pages={14138--14149},
  year={2017},
  publisher={ACS Publications}
}

@article{caf:1989:refael,
  title={Reaction kinetics of hydrogen-enriched methane-air and propane-air flames},
  author={Refael, S and Sher, E},
  journal={Combustion and Flame},
  volume={78},
  number={3-4},
  pages={326--338},
  year={1989},
  publisher={Elsevier}
}

@article{rkm:1991:smoke,
  title={Formulation of the premixed and nonpremixed test problems},
  author={Smooke, Mitchell D and Giovangigli, Vincent},
  journal={Reduced kinetic mechanisms and asymptotic approximations for methane-air flames},
  pages={1--28},
  year={1991},
  publisher={Springer}
}

@book{comb:2010:glassman,
        author = "Glassman, I. AND Yetter, R. A.",
        TITLE = "Combustion 4th Edition",
        publisher = "Elsevier",
        year = 2010
        }
        
        
@article{pci:2015:saghafian,
  title={Large eddy simulations of the HIFiRE scramjet using a compressible flamelet/progress variable approach},
  author={Saghafian, Amirreza and Shunn, Lee and Philips, David A and Ham, Frank},
  journal={Proceedings of the Combustion Institute},
  volume={35},
  number={2},
  pages={2163--2172},
  year={2015},
  publisher={Elsevier}
}