@article{jcp:2014:parent,
        author = "Parent, B. AND Macheret, S. O. AND Shneider, M. N. ",
        TITLE = "Electron and Ion Transport Equations in Computational Weakly-Ionized Plasmadynamics",
        journal = "Journal of Computational Physics",
		  year = 2014,
        volume = 259,
        pages = "51--69"
        }
@article{misc:1995:boeuf,
        author = "Boeuf, J. P. AND Pitchford, L. C.",
        TITLE = "Two-Dimensional Model of a Capacitively Coupled RF Discharge and Comparisons with Experiments in the Gaseous Electronics Conference Reference Reactor",
        journal = "Physical Review E",
        volume = 51,
        number = 2,
        pages = "1376--1390",
        year = 1995
        }
@book{book:1997:grigoriev,
        author = "Grigoriev, I. S. AND Meilikhov, E. Z.",
        title = "Handbook of Physical Quantities",
        publisher = "CRC",
	address = "Boca Raton, Florida",
        year = 1997
        }
@book{book:1984:chen,
        author = "Francis F. Chen",
        title = "Introduction to Plasma Physics and Controlled Fusion Volume 1: Plasma Physics",
        publisher = "Plenum Press",
	address = "New York, NY",
        year = 1984
        }
@book{gen:anderson2,
        author = "Anderson, J. D.",
        TITLE = "Hypersonic and High-Temperature Gas Dynamics",
        publisher = "McGraw-Hill",
        year = 1989
        }
@conference{gen:McBride2,
        author = "McBride, B. J. and Reno, M. A.",
        TITLE = "Coefficients for Calculating Thermodynamic and
                    Transport Properties of Individual Species",
        booktitle = "NASA TM-4513" ,
        year = 1993,
        }
@misc{cfd:dudebout,
        author = "Dudebout, R.",
        TITLE = "Numerical Simulation of Hypersonic Shock-Induced
            Combustion Ramjet Flowfields",
        note = "Ph.D. Thesis, University of Toronto",
        year = 1995
        }
@article{gen:mason-saxena,
        author = "Mason, E. A. and Saxena, S. C.",
        journal = "Journal of Chemical Physics",
        year = 1959,
        volume = 31,
        pages = "511"
        }
@book{gen:dixon-lewis,
        author = "Dixon-Lewis, G.",
        TITLE = "Computer Modelling of Combustor Reactions",
        publisher = "Springer Verlag",
        year = 1984
        }
@techreport{nrl:2002:huba,
        author = "Huba, J.D.",
        TITLE = "NRL Plasma Formulary",
        institution = "NRL",
        year = 2002
        }
@techreport{nasa:2002:mcbride,
        author = "McBride, B. J. and Zehe, M. J. AND Gordon, S.",
        TITLE = "NASA Glenn Coefficients for Calculating Thermodynamic Properties of Individual
	         Species",
        institution = "NASA",
        type = "TP",
        year = 2002,
        month = sep,
        number = 211556
        }
@article{misc:1981:aleksandrov,
        author = "Aleksandrov, N. L. AND Vysikailo, F. I. AND Islamov, R. S. AND Kochetov, I. V. AND Napartovich, A. P. AND Pevgov, V. G.",
        TITLE = "Electron Distribution Function in 4:1 N2-O2 Mixture",
        journal = "High Temperature",
        volume = 19,
        number = 1,
        pages = "17--21",
        year = 1981
        }
@article{misc:1968:sinnott,
        author = "Sinnott, G. AND Golden, D. E. AND Varney, R. N.",
        TITLE = "Positive-Ion Mobilities in Dry Air",
        journal = "Physical Review",
        volume = 170,
        number = 1,
        pages = "272--275",
        year = 1968
        }
@article{misc:1983:gosho,
        author = "Gosho, Y. AND Harada, A.",
        TITLE = "A New Technique for Measuring Negative Ion Mobilities at Atmospheric Pressure",
        journal = "Journal of Physics D",
        volume = 16,
        pages = "1159--1166",
        year = 1983
        }
@book{book:1991:raizer,
        author = "Raizer, Yu. P.",
        title = "Gas Discharge Physics",
        publisher = "Springer-Verlag",
	address = "Berlin, Germany",
        year = 1991
        }
@article{psst:2023:snoeckx,
        year = {2023},
        month = {nov},
        publisher = {IOP Publishing},
        volume = {32},
        number = {11},
        pages = {115020},
        author = {Ramses Snoeckx and Jonathan Tennyson and Min Suk Cha},
        title = {Theoretical cross sections for electron collisions relevant for ammonia discharges part 1: NH3, NH2, and NH},
        journal = {Plasma Sources Science and Technology},
        }   
@article{psst:2005:hagelaar,
        author = "Hagelaar, G. and Pitchford, L.",
        TITLE = "Solving the Boltzmann equation to obtain electron transport coefficients and rate coefficients for fluid models",
        journal = "Plasma Sources Science and Technology",
	    year = 2005,
        volume = 14,
        pages = "722"
        }
@article{lxc:2024:morgan,
        author = "Morgan, W. L.",
        TITLE = "Morgan Kinema and Research database",
        journal = "LXCat: An Open-Access, Web-Based Platform for Data Needed for Modeling Low Temperature Plasmas. Plasma Process",
        }
