@article{misc:1978:aleksandrov,
        author = "Aleksandrov, N. L. AND Konchakov, A. M. AND Son, E. E.",
        TITLE = "Electron Distribution Function and Kinetic Coefficients of a Nitrogen Plasma -- I. Unexcited Molecules. II. Vibrationally Excited Molecules",
        journal = "Soviet Journal of Plasma Physics",
        volume = 4,
        number = 1,
        pages = "98--102, 663--666",
        year = 1978
        }
@article{misc:1981:aleksandrov,
        author = "Aleksandrov, N. L. AND Vysikailo, F. I. AND Islamov, R. S. AND Kochetov, I. V. AND Napartovich, A. P. AND Pevgov, V. G.",
        TITLE = "Electron Distribution Function in 4:1 N2-O2 Mixture",
        journal = "High Temperature",
        volume = 19,
        number = 1,
        pages = "17--21",
        year = 1981
        }
@article{misc:1997:aleksandrov,
        author = "Aleksandrov, N. L. AND Bazelyan, E. M. AND Kochetov, I. V. AND Dyatko, N. A.",
        TITLE = "The Ionization Kinetics and Electric Field in the Leader Channel in Long Air Gaps",
        journal = "Journal of Physics D Applied Physics",
        volume = 30,
        pages = "1616--1624",
        year = 1997
        }
@article{pf:2007:boyd,
	Author = {Boyd,Iain D.},
	Date-Added = {2020-07-29 14:25:18 -0700},
	Date-Modified = {2020-07-29 14:25:31 -0700},
	Doi = {10.1063/1.2771662},
	Eprint = {https://doi.org/10.1063/1.2771662},
	Journal = {Physics of Fluids},
	Number = {9},
	Pages = {096102},
	Title = {Modeling of associative ionization reactions in hypersonic rarefied flows},
	Url = {https://doi.org/10.1063/1.2771662},
	Volume = {19},
	Year = {2007}
}
@article{ps:2005:tarasenko,
  title={High-power subnanosecond beams of runaway electrons generated in dense gases},
  author={Tarasenko, Victor F and Yakovlenko, Sergei I},
  journal={Physica scripta},
  volume={72},
  number={1},
  pages={41},
  year={2005},
  publisher={IOP Publishing}
}
@article{jtht:2013:farbar,
        author = "Farbar, Erin AND Boyd, Iain D. AND Martin, Alexandre",
        TITLE = "Numerical Prediction of Hypersonic Flowfields Including Effects of Electron Translational Nonequilibrium",
        journal = "Journal of Thermophysics and Heat Transfer",
        volume = 27,
        number = 4,
        pages = "593--606",
        year = 2013
        }
@article{psst:2005:hagelaar,
        author = "Hagelaar, G. J. M. AND Pitchford, L. C.",
        TITLE = "Solving the Boltzmann equation to obtain electron transport coefficients and rate coefficients for fluid models",
        journal = "Plasma Sources Science and Technology",
        volume = 14,
        number = 4,
        year = 2005,
        pages = "722--733"
        }
@article{pcpp:1992:morgan,
        author = {{Morgan W. L.}},
        TITLE = "A critical evaluation of low-energy electron impact cross sections for plasma processing modeling",
        journal = "Plasma chemistry and plasma processing",
        year = 1992,
        volume = 12,
        number = 4,
        pages = "477"
        }
@conference{misc:1964:lenard,
        author = "Lenard, M.",
        TITLE = "Ionization of Cesium and Sodium Contaminated Air in the Hypersonic Slender Body Boundary Layer",
        booktitle = "General Electric Missile and Space Division Technical Report R64SD22",
        year = 1964
        }
@article{jcp:1997:bose,
	Author = {Bose,Deepak and Candler,Graham V.},
	Date-Added = {2020-07-29 14:14:06 -0700},
	Date-Modified = {2020-07-29 14:14:20 -0700},
	Doi = {10.1063/1.475132},
	Eprint = {https://doi.org/10.1063/1.475132},
	Journal = {The Journal of Chemical Physics},
	Number = {16},
	Pages = {6136-6145},
	Title = {Thermal rate constants of the O2+N→NO+O reaction based on the A2 and A4 potential-energy surfaces},
	Url = {https://doi.org/10.1063/1.475132},
	Volume = {107},
	Year = {1997}
}
@article{jcp:1996:bose,
	Author = {Bose,Deepak and Candler,Graham V.},
	Date-Added = {2020-07-29 14:12:39 -0700},
	Date-Modified = {2020-07-29 14:12:52 -0700},
	Doi = {10.1063/1.471106},
	Eprint = {https://doi.org/10.1063/1.471106},
	Journal = {The Journal of Chemical Physics},
	Number = {8},
	Pages = {2825-2833},
	Title = {Thermal rate constants of the N2+O→NO+N reaction using ab initio 3A and 3A potential energy surfaces},
	Url = {https://doi.org/10.1063/1.471106},
	Volume = {104},
	Year = {1996}
}
@book{gen:anderson2,
        author = "Anderson, J. D.",
        TITLE = "Hypersonic and High-Temperature Gas Dynamics",
        publisher = "McGraw-Hill",
        year = 1989
        }
@article{jap:2021:abdoulanziz,
        title={Low-energy electron impact dissociative recombination and vibrational transitions of N2+},
        author={Abdoulanziz, A and Argentin, C and Laporta, V and Chakrabarti, K and Bultel, Arnaud and Tennyson, J and Schneider, IF and Mezei, J Zs},
        journal={Journal of Applied Physics},
        volume={129},
        number={5},
        pages={053303},
        year={2021},
        publisher={AIP Publishing LLC}
        }
@article{jgr:1974:walls,
        title={Measurement of total cross sections for electron recombination with NO+ and O2+ using ion storage techniques},
        author={Walls, FL and Dunn, GH},
        journal={Journal of Geophysical Research},
        volume={79},
        number={13},
        pages={1911--1915},
        year={1974},
        publisher={Wiley Online Library}
        }
@conference{nasa:1973:dunn,
        author = "Dunn, M. G. AND Kang, S. W.",
        TITLE = "Theroretical and Experimental Studies of Reentry Plasmas",
        booktitle = "NASA CR-2232",
        year = 1973,
        }
@conference{chem:jachimowsky,
        author = "Jachimowsky, C. J.",
        TITLE = "An Analytical Study of the Hydrogen-Air Reaction
          Mechanism With Application To Scramjet Combustion",
        booktitle = "NASA TP-2791" ,
        year = 1988,
        }
@incollection{book:1987:mantsakanyan,
        author = "Mantsakanyan, A. Kh. AND Naidis, G. V.",
        TITLE = "Processes of Formation and Decay of Charged Particles in Nitrogen-Oxygen Plasmas",
        booktitle = "Khimiia Plazmy [Plasma Chemistry]",
        editor = "B. M. Smirnov",
        publisher = "Energoatomizdat",
        address = "Moscow, Russia",
        volume = 14,
        pages = "227--255",
        year = 1987
        }
@incollection{book:1987:krivonosova,
        author = "Krivonosova, O. E. AND Losev, S. A. AND Nalivayko, V. P. AND Mukoseev, Yu. K. AND Shatalov, O. P.",
        TITLE = "",
        booktitle = "Khimiia Plazmy [Plasma Chemistry]",
        editor = "B. M. Smirnov",
        publisher = "Energoatomizdat",
        address = "Moscow, Russia",
        volume = 14,
        pages = "3",
        year = 1987
        }
@book{book:1982:bychkov,
        author = "Bychkov, Yu. I. AND Korolev, Yu. D. AND Mesyats, G. A.",
        title = "Inzhektsionnaia Gazovaia Elektronika",
	note = "(Injection Gaseous Electronics, in Russian)",
        publisher = "Nauka",
	address = "Novosibirsk, Russia",
        year = 1982
        }
@book{book:1991:raizer,
        author = "Raizer, Yu. P.",
        title = "Gas Discharge Physics",
        publisher = "Springer-Verlag",
	address = "Berlin, Germany",
        year = 1991
        }
@article{misc:1978:son,
        author = "Son, E. E.",
        TITLE = "Effect of Vibrational Temperature on the Rate of Electronic Excitation of Diatomic Molecules",
        journal = "High Temperature",
        volume = 16,
        number = 6,
        pages = "1162--1166",
        year = 1978
        }
@article{misc:1978:aleksandrov,
        author = "Aleksandrov, N. L. AND Konchakov, A. M. AND Son, E. E.",
        TITLE = "Electron Distribution Function and Kinetic Coefficients of a Nitrogen Plasma -- I. Unexcited Molecules. II. Vibrationally Excited Molecules",
        journal = "Soviet Journal of Plasma Physics",
        volume = 4,
        number = 1,
        pages = "98--102, 663--666",
        year = 1978
        }
@article{misc:1983:gallagher,
        author = "Gallagher, J. W. AND Beaty, E. C. AND Dutton, J. AND Pitchford, L. C.",
        TITLE = "An Annotated Compilation and Appraisal of Swarm Data  in Electronegative Cases",
        journal = "Journal of Physical and Chemical Reference Data",
        volume = 12,
        number = 1,
        pages = "109--152",
        year = 1983
        }
@article{misc:1975:dutton,
        author = "Dutton, J.",
        TITLE = "A Survey of Electron Swarm Data",
        journal = "Journal of Physical and Chemical Reference Data",
        volume = 4,
        number = 3,
        pages = "577--856",
        year = 1975
        }
@book{book:1997:grigoriev,
        author = "Grigoriev, I. S. AND Meilikhov, E. Z.",
        title = "Handbook of Physical Quantities",
        publisher = "CRC",
	address = "Boca Raton, Florida",
        year = 1997
        }
@article{misc:2002:macheret,
        author = "Macheret, S. O. AND Shneider, M. N. AND Miles, R. B.",
        TITLE = "Modeling of Air Plasma Generation by Repetitive High-Voltage Nanosecond Pulses",
        journal = "IEEE Transactions on Plasma Science",
        volume = 30,
        number = 3,
        pages = "1301--1314",
        year = 2002
        }
@article{misc:1992:kossyi,
        author = "Kossyi, A. AND Kostinsky, A. Y. AND Matveyev, A. A. AND Silakov, V. P.",
        TITLE = "Kinetic Scheme of the Non-Equilibrium Discharge in Nitrogen-Oxygen Mixtures",
        journal = "Plasma Sources Science and Technology",
        volume = 1,
        pages = "207--220",
        year = 1992
        }
@article{misc:1997:aleksandrov,
        author = "Aleksandrov, N. L. AND Bazelyan, E. M. AND Kochetov, I. V. AND Dyatko, N. A.",
        TITLE = "The Ionization Kinetics and Electric Field in the Leader Channel in Long Air Gaps",
        journal = "Journal of Physics D Applied Physics",
        volume = 30,
        pages = "1616--1624",
        year = 1997
        }
@book{book:1997:bazelyan,
        author = "Bazelyan, E. M. AND Raizer, Y. P.",
        title = "Spark Discharge",
        publisher = "CRC",
        year = 1997,
        address = "Boca Raton, Florida"
        }
@incollection{misc:1991:matzing,
        author = "Matzing, H.",
        editor = "Prigogine, I. AND Rice, S. A.",
        title = "Chemical Kinetics of Flue Gas Cleaning by Irradiation with Electrons",
        booktitle = "Advances in Chemical Physics",
        volume = 80,
        chapter = 4,
        year = 1991,
        pages = "315--402",
        publisher = "John Wiley and Sons, Inc.",
        address = "New York, NY"
        }
@conference{aiaaconf:1991:sharma,
        author = "Sharma, S. P. AND Gillespie, W. D. AND Meyer, S. A.",
        title = "Shock Front Radiation Measurements in Air",
        note = "AIAA Paper 91-0573",
	month = jan,
        year = 1991
        }
@conference{aiaaconf:1987:Bussing,
        author = "Bussing, T. AND Eberhardt, S.",
        title = "Chemistry Associated with Hypersonic Vehicles",
        note = "AIAA Paper 87-1292",
	month = jun,
        year = 1987
        }
@conference{aiaaconf:1999:laux,
        author = "Laux, C. O. AND Yu, L. AND Packan, D. M. AND Gessman, R. J. AND Pierrot, L. AND Kruger, C. H. AND Zare, R. N.",
        title = "Ionization Mechanisms in Two-Temperature Air Plasmas",
        note = "AIAA Paper 99-3476, presented at the 30th Plasmadynamics and Lasers Conference",
	month = jun,
        year = 1999
        }
@book{book:1990:park,
        author = "Park, C.",
        title = "Nonequilibrium Hypersonic Aerothermodynamics",
        publisher = "Wiley, New-York",
        year = 1990
        }
@book{book:1989:anderson,
        author = "Anderson, J. D.",
        title = "Hypersonic and High-Temperature Gas Dynamics",
        publisher = "McGraw-Hill",
        year = 1989
        }
@article{misc:2000:bourdon,
        author = "Bourdon, A. AND Vervisch, P.",
        TITLE = "Analytical Models for Electron-Vibration Coupling in Nitrogen Plasma Flows",
        journal = "Journal of Thermophysics and Heat Transfer",
        volume = 14,
        number = 4,
        pages = "489--495",
        year = 2000
        }
@article{jtht:1991:candler,
        author = "Candler, G. V. AND MacCormack, R. W.",
        TITLE = "Computation of Weakly Ionized Hypersonic Flows in Thermochemical Nonequilibrium",
        journal = "Journal of Thermophysics and Heat Transfer",
        volume = 5,
        pages = "266--273",
        year = 1991
        }
@article{jtht:1993:park,
        author = "Park, C.",
        TITLE = "Review of Chemical-Kinetic Problems of Future NASA Missions, I: Earth Entries",
        journal = "Journal of Thermophysics and Heat Transfer",
        volume = 7,
        number = 3,
        pages = "385--398",
        year = 1993
        }
@article{jcp:2014:parent,
        author = "Parent, B. AND Macheret, S. O. AND Shneider, M. N. ",
        TITLE = "Electron and Ion Transport Equations in Computational Weakly-Ionized Plasmadynamics",
        journal = "Journal of Computational Physics",
		  year = 2014,
        volume = 259,
        pages = "51--69"
        }

@article{jpc:2006:mendez,
        author = "Mendez, I. AND Gordillo-Vazquez, F. J. AND Herrero, V. J. AND Tanarro, I.  ",
        TITLE = "Atom and Ion Chemistry in Low Pressure Hydrogen DC Plasmas",
        journal = "Journal of Physical Chemistry A",
    year = 2006,
        volume = 110,
        pages = "6060--6066"
        }
@article{jcp:2015:bender,
        author = "Bender, Jason D. AND Valentini, Paolo AND Nompelis, Ioannis AND Paukku, Yuliya AND Varga, Zoltan AND Truhlar, Donald G. AND Schwartzentruber, Thomas AND Candler, Graham V. ",
        title = "An improved potential energy surface and multi-temperature quasiclassical trajectory calculations of N2 + N2 dissociation reactions",
        journal = "The Journal of Chemical Physics",
        volume = 143,
        number = 5,
        pages = "054304",
        year = 2015
}
@article{jtht:2018:jaffe,
        author = "Jaffe, Richard L. AND Grover, Maninder AND Venturi, Simone AND Schwenke, David. W. AND Valentini, Paolo AND Schwartzentruber, Thomas E. AND Panesi, Marco",
        title = "Comparison of Potential Energy Surface and Computed Rate Coefficients for N2 Dissociation",
        journal = "Journal of Thermophysics and Heat Transfer",
        volume = 32,
        number = 4,
        pages = "869--881",
        year = 2018
}
@article{ijhmt:2021:kim,
        author = "Kim, Jae Gang AND Jo, Sung Min",
        title = "Modification of chemical-kinetic parameters for 11-air species in re-entry flows",
        journal = "International Journal of Heat and Mass Transfer",
        volume = 169,
        pages = "120950",
        year = 2021
}
@article{jtht:2001:park,
        author = "Park, Chul AND Jaffe, Richard L. AND Partridge, Harry",
        title = "Chemical-Kinetic Parameters of Hyperbolic Earth Entry",
        journal = "Journal of Thermophysics and Heat Transfer",
        volume = 15,
        number = 1,
        pages = "76--90",
        year = 2001
}
@article{cp:2013:kim,
        author = "Kim, Jae Gang AND Boyd, Iain D.",
        title = "State-resolved master equation analysis of thermochemical nonequilibrium of nitrogen",
        year = 2013,
        volume = 415,
        pages = "237--246",
        journal = "Chemical Physics"
}
@article{ijhmt:2020:kim,
        author = "Kim, Jae Gang AND Kang, Sang Hun AND Park, Soo Hyung",
        title = "Thermochemical nonequilibrium modeling of oxygen in hypersonic air flows",
        journal = "International Journal of Heat and Mass Transfer",
        volume = 148,
        pages = "119059",
        year = 2020
}
@article{jpcrd:1991:tsang,
        author = "Tsang, Wing AND Herron, John T.",
        title = "Chemical Kinetic Data Base for Propellant Combustion I. Reactions Involving NO, NO2, HNO, HNO2, HCN and N2O",
        journal = "Journal of Physical and Chemical Reference Data",
        volume = 20,
        number = 4,
        pages = "609--663",
        year = 1991,
}
@article{pof:2022:parent,
	doi = {10.1063/5.0079685},
	year = 2022,
	month = {jan},
	publisher = {{AIP} Publishing},
	volume = {34},
	number = {1},
	pages = {016110},
	author = {B. Parent and P. Thoguluva Rajendran and A. Omprakas},
	title = {Electron losses in hypersonic flows},
	journal = {Physics of Fluids}
}

@article{jgr:2004:sheehan,
  title={Dissociative recombination of N2+, O2+, and NO+: Rate coefficients for ground state and vibrationally excited ions},
  author={Sheehan, Clint H and St.-Maurice, J-P},
  journal={Journal of Geophysical Research: Space Physics},
  volume={109},
  number={A3},
  year={2004},
  publisher={Wiley Online Library}
}

@article{aip:1998:peterson,
  title={Dissociative recombination and excitation of N 2+: Cross sections and product branching ratios},
  author={Peterson, JR and Le Padellec, A and Danared, H and Dunn, GH and Larsson, M and Larson, A and Peverall, R and Str{\"o}mholm, C and Ros{\'e}n, S and Af Ugglas, M and others},
  journal={The Journal of chemical physics},
  volume={108},
  number={5},
  pages={1978--1988},
  year={1998},
  publisher={American Institute of Physics}
}

@article{aip:2001:peverall,
  title={Dissociative recombination and excitation of O 2+: Cross sections, product yields and implications for studies of ionospheric airglows},
  author={Peverall, Robert and Ros{\'e}n, Stefan and Peterson, James R and Larsson, Mats and Al-Khalili, Ahmed and Vikor, Ljiljana and Semaniak, Jacek and Bobbenkamp, Rolf and Le Padellec, Arnaud and Maurellis, AN and others},
  journal={The Journal of Chemical Physics},
  volume={114},
  number={15},
  pages={6679--6689},
  year={2001},
  publisher={American Institute of Physics}
}

@article{pr:1962:smith,
  title={Electron impact ionization of atomic nitrogen},
  author={Smith, ACH and Caplinger, E and Neynaber, RH and Rothe, Erhard W and Trujillo, SM},
  journal={Physical Review},
  volume={127},
  number={5},
  pages={1647},
  year={1962},
  publisher={APS}
}

@article{pr:1985;:phelps,
  title={Anisotropic scattering of electrons by N 2 and its effect on electron transport},
  author={Phelps, AV and Pitchford, LC},
  journal={Physical Review A},
  volume={31},
  number={5},
  pages={2932},
  year={1985},
  publisher={APS}
}
